<record><leader>00000cas a22000007a 4500</leader><controlfield tag="001">27140471</controlfield><controlfield tag="008">921218d19351952tnumr ne      0    0eng d</controlfield><datafield ind1=" " ind2=" " tag="010"><subfield code="a">sn 92060626 </subfield></datafield><datafield ind1=" " ind2=" " tag="040"><subfield code="a">YOX</subfield><subfield code="b">eng</subfield><subfield code="c">YOX</subfield><subfield code="d">OCLCQ</subfield><subfield code="d">OCLCF</subfield><subfield code="d">OCLCO</subfield><subfield code="d">TGN</subfield></datafield><datafield ind1=" " ind2=" " tag="042"><subfield code="a">msc</subfield></datafield><datafield ind1="0" ind2="0" tag="245"><subfield code="a">Mid-South cotton news.</subfield></datafield><datafield ind1=" " ind2=" " tag="260"><subfield code="a">Memphis, Tenn. :</subfield><subfield code="b">[s.n.]</subfield></datafield><datafield ind1=" " ind2=" " tag="300"><subfield code="a">v.</subfield></datafield><datafield ind1=" " ind2=" " tag="310"><subfield code="a">Monthly</subfield></datafield><datafield ind1="0" ind2=" " tag="362"><subfield code="a">Vol. 12, no. 7 (Feb. 1935)-v. 31, no. 8 (Dec. 1952).</subfield></datafield><datafield ind1=" " ind2=" " tag="500"><subfield code="a">"In January [1953] ..., the Mid-South cotton news ... will discard its present format and ... change to a 10 inch by 14 inch magazine," Dec. 1952.</subfield></datafield><datafield ind1=" " ind2=" " tag="515"><subfield code="a">Various mistakes in numbering.</subfield></datafield><datafield ind1=" " ind2=" " tag="530"><subfield code="a">Also issued on microfilm from the New York Public Library.</subfield></datafield><datafield ind1=" " ind2=" " tag="550"><subfield code="a">"Official publication of the Mid-South Cotton Growers Ass'n."</subfield></datafield><datafield ind1=" " ind2="0" tag="650"><subfield code="a">Cotton trade</subfield><subfield code="v">Newspapers.</subfield></datafield><datafield ind1=" " ind2="4" tag="651"><subfield code="a">Memphis (Tenn.)</subfield><subfield code="v">Newspapers.</subfield></datafield><datafield ind1=" " ind2="7" tag="650"><subfield code="a">Cotton trade.</subfield><subfield code="2">fast</subfield><subfield code="0">(OCoLC)fst00881080</subfield></datafield><datafield ind1=" " ind2="7" tag="655"><subfield code="a">Newspapers.</subfield><subfield code="2">fast</subfield><subfield code="0">(OCoLC)fst01423814</subfield></datafield><datafield ind1="2" ind2=" " tag="710"><subfield code="a">Mid-South Cotton Growers Association.</subfield></datafield><datafield ind1=" " ind2=" " tag="752"><subfield code="a">United States</subfield><subfield code="b">Tennessee</subfield><subfield code="c">Shelby</subfield><subfield code="d">Memphis.</subfield></datafield><datafield ind1="0" ind2="0" tag="780"><subfield code="t">Mid-South Cotton Association news</subfield><subfield code="w">(DLC)sn 92060625</subfield></datafield><datafield ind1="1" ind2=" " tag="029"><subfield code="a">AU@</subfield><subfield code="b">000020717669</subfield></datafield></record>